@xdata{JvSSV93a-ed-xdata,
	booktitle = {{Syntax -- Ein internationales Handbuch zeit\-genössischer Forschung}},
	series = {Hand\-bü\-cher zur Sprach- und Kommunikationswissenschaft},
	langid = {german},
	title = {{Syntax -- Ein internationales Handbuch zeit\-genössischer Forschung}}}



@xdata{CHJL2005a-ed-xdata,
	booktitle = {{Lexikologie: Ein internationales Handbuch zur Natur und Struktur von Wörtern und Wort\-schät\-zen}},
	title = {{Lexikologie: Ein internationales Handbuch zur Natur und Struktur von Wörtern und Wort\-schät\-zen}},
	langid = {german},
	series = {Handbücher zur Sprach- und Kommunikationswissenschaft},
}


@xdata{CHJL2002a-ed-xdata,
	langid = {german},
	booktitle = {{Lexikologie: Ein internationales Handbuch zur Natur und Struktur von Wörtern und Wort\-schät\-zen}},
	title = {{Lexikologie: Ein internationales Handbuch zur Natur und Struktur von Wörtern und Wort\-schät\-zen}},
	series = {Handbücher zur Sprach- und Kommunikationswissenschaft},

}